@misc{farvann2023, title={Metal-Archives - Farvann}, url={https://www.metal-archives.com/artists/Farvann/733237}, journal={Farvann - Encyclopaedia Metallum: The Metal Archives}, author={Farvann}, year={2023}, month={2}}

@misc{youtubefarvann, title={Youtube - Farvann}, url={https://www.youtube.com/@Farvann}, journal={YouTube - Farvann}, publisher={YouTube}}
 
@misc{durbatulukbandcamp, title={Bandcamp - Durbatuluk}, url={https://durbatuluk.bandcamp.com/}, journal={Durbatuluk - Bandcamp}, publisher={Bandcamp}, year={2023}}
  
@misc{Mail, journal={Mail: ChatGPT analysiert der Quell}, author={Busch, Frank}, year={2023}, month={Mar}}

@book{farvannImg, title={Farvann}, url={https://www.metal-archives.com/images/7/3/3/2/733237_artist.jpg?1027}, journal={Metal-Archives - Farvann}, author={Farvann}, year={2017}}
 
@misc{derQuellLyrics, title={Durbatuluk – Der Quell}, url={https://genius.com/Durbatuluk-der-quell-lyrics}, journal={Genius Durbatuluk - Der Quell}, publisher={Genius}, author={Frank Busch}, year={2020}, month={8}}
  
@misc{aodLyrics, title={Slayer – Angel of Death}, url={https://genius.com/Slayer-angel-of-death-lyrics}, journal={Genius Slayer - Angel of Death}, publisher={Genius}, author={ Jeff Hanneman}, year={1986}, month={10}}
   
@misc{ChatGPT, url={https://chat.openai.com/}, journal={ChatGPT}, publisher={Open AI}, author={Open AI}, year={2022}}

@misc{slayerInterview, title={Knac - interview with slayer's Jeff H}, url={https://www.knac.com/article.asp?articleid=3153}, journal={Knac.com - features - interview with slayer's Jeff H}, publisher={Knac.com}, author={Davis, Brian}, year={2004}, month={Jul}} 

@misc{openai_2022, title={Introducing chatgpt}, url={https://openai.com/blog/chatgpt}, journal={Introducing ChatGPT}, publisher={OpenAI}, author={OpenAI}, year={2022}, month={Nov}} 

 @misc{jonwiederhorn_2022, title={9 years ago - slayer guitarist Jeff Hanneman Dies}, url={https://loudwire.com/slayer-jeff-hanneman-death-anniversary/}, journal={Loudwire}, publisher={Loudwire}, author={Jonwiederhorn, Jon}, year={2022}, month={May}} 
 
  @misc{overdrive_2018, title={Slayer confirm Final world tour}, url={https://www.overdrive.ie/slayer-confirm-final-world-tour-details/}, journal={Overdrive}, publisher={Overdrive}, year={2018}, month={Jan}} 
  
   @misc{slayer.net, title={Repentless: The official slayer site}, url={https://www.slayer.net/}, journal={Slayer}, publisher={Nuclear Blast Records}, author={Slayer}, year={2019}} 
   
    @misc{jesus, title={R/metalmemes - according to Tom Araya 15:69}, url={https://www.reddit.com/r/MetalMemes/comments/g5zibu/according_to_tom_araya_1569/}, journal={reddit}, publisher={reddit}, author={metalpoleguy16}, year={2020}} 

 @misc{mesh, title={Mesh Data Structure - Stanford University}, url={https://graphics.stanford.edu/courses/cs468-12-spring/LectureSlides/02_Mesh_Data_Structures.pdf}, journal={Mesh Data Structure}, publisher={Stanford University}, author={Stanford University}}
 
  @misc{huggingface_2023, title={Transformers/SRC/transformers at main · Huggingface/Transformers}, url={https://github.com/huggingface/transformers/tree/main/src/transformers}, journal={GitHub Huggingface/Transformers}, publisher={GitHub}, author={Huggingface}, year={2023}} 
  
 @misc{linkedlist, title={Linked lists in Python: An introduction}, url={https://realpython.com/linked-lists-python/}, journal={Real Python}, publisher={Real Python}, author={Real Python}, year={2023}, month={Jan}} 
 
 @misc{nme_2001, title={Slayer 'murder' case thrown out}, url={https://www.nme.com/news/music/slayer-41-1373957}, journal={NME}, author={Nme}, year={2001}, month={Oct}} 